<?xml version="1.0" encoding="UTF-8"?><collection xmlns="http://www.loc.gov/MARC21/slim"><record><leader>00659nam--2200181-i-4500</leader><controlfield tag="001">000027206</controlfield><controlfield tag="002">20161230</controlfield><controlfield tag="005">20170107004359</controlfield><controlfield tag="008">060222s1000------------r-----000-0-eng-d</controlfield><datafield ind1=" " ind2=" " tag="080"><subfield code="a">538.246.27</subfield></datafield><datafield ind1=" " ind2=" " tag="100"><subfield code="a">Kovacs, Al</subfield></datafield><datafield ind1=" " ind2=" " tag="245"><subfield code="a">Dependenta permeabilitatii magnetie complexe echivalente de forma de variatie in timp a cimpului magnetic si de forma curbei de magnetizare a materialelor feromagnetice</subfield></datafield><datafield ind1=" " ind2=" " tag="260"><subfield code="a">Bucuresti</subfield><subfield code="b">Cons.Nat.Al Ing.Si Tehn</subfield><subfield code="c">1969</subfield></datafield><datafield ind1=" " ind2=" " tag="300"><subfield code="a">19 p</subfield></datafield><datafield ind1=" " ind2=" " tag="490"><subfield code="a">A Doua Conferinta A Electricienilo. VII.Sectia Teorie, Materiale Si Masurari Electrice</subfield></datafield><datafield ind1=" " ind2=" " tag="700"><subfield code="a">Savciuc, V. D</subfield></datafield><datafield ind1=" " ind2=" " tag="852"><subfield code="a">31678</subfield></datafield><datafield ind1=" " ind2=" " tag="CAT"><subfield code="a">SYS</subfield><subfield code="c">20170107</subfield><subfield code="h">004359</subfield></datafield></record></collection>